<record><leader>00000cas a22000007a 4500</leader><controlfield tag="001">15032530</controlfield><controlfield tag="008">870105d19281941paudn ne      0    0eng d</controlfield><datafield ind1=" " ind2=" " tag="010"><subfield code="a">sn 87079874 </subfield></datafield><datafield ind1=" " ind2=" " tag="040"><subfield code="a">NPH</subfield><subfield code="b">eng</subfield><subfield code="c">NPH</subfield><subfield code="d">OCLCQ</subfield></datafield><datafield ind1=" " ind2=" " tag="042"><subfield code="a">msc</subfield></datafield><datafield ind1="0" ind2="4" tag="245"><subfield code="a">The Aliquippa gazette.</subfield></datafield><datafield ind1=" " ind2=" " tag="260"><subfield code="a">Aliquippa, Pa. :</subfield><subfield code="b">Franklin Pub. Co.,</subfield><subfield code="c">1928-1941.</subfield></datafield><datafield ind1=" " ind2=" " tag="300"><subfield code="a">14 v. :</subfield><subfield code="b">ill.</subfield></datafield><datafield ind1=" " ind2=" " tag="310"><subfield code="a">Daily (except Sunday),</subfield><subfield code="b">&lt;1940&gt;-1941</subfield></datafield><datafield ind1=" " ind2=" " tag="321"><subfield code="a">Semiweekly,</subfield><subfield code="b">1928-&lt;1938&gt;</subfield></datafield><datafield ind1="0" ind2=" " tag="362"><subfield code="a">Vol. 6, no. 75 (Jan. 31, 1928)-v. 20, no. 159 (Nov. 5, 1941).</subfield></datafield><datafield ind1=" " ind2=" " tag="752"><subfield code="a">United States</subfield><subfield code="b">Pennsylvania</subfield><subfield code="c">Beaver</subfield><subfield code="d">Aliquippa.</subfield></datafield><datafield ind1="0" ind2="0" tag="780"><subfield code="t">Woodlawn gazette</subfield><subfield code="w">(DLC)sn 87079873</subfield></datafield><datafield ind1="0" ind2="0" tag="785"><subfield code="t">Aliquippa news</subfield><subfield code="w">(DLC)sn 87079875</subfield></datafield></record>